@article{Cai2008LS,
	title        = {Backward-in-time analysis of friction velocity and footprint for flux measurements in the atmospheric boundary layer},
	author       = {Cai, Xuhui and Leclerc, Monique Y. and Zhang, G. and Viner, B.},
	year         = {2008},
	journal      = {Theoretical and Applied Climatology},
	volume       = {93},
	pages        = {207--223},
	doi          = {10.1007/s00704-007-0334-0}
}
@article{Cai2010Flux,
	title        = {Flux Footprints in the Convective Boundary Layer: Large-Eddy Simulation and Lagrangian Stochastic Modelling},
	author       = {Cai, Xuhui and Chan, S. T. K. and Desjardins, Raymond},
	year         = {2010},
	journal      = {Boundary-Layer Meteorology},
	volume       = {137},
	pages        = {427--444},
	doi          = {10.1007/s10546-010-9519-7}
}
@article{Cai2010LES,
	title        = {Flux footprint in the convective boundary layer: LES analysis and comparison with Lagrangian stochastic modeling},
	author       = {Cai, Xuhui and Leclerc, Monique Y. and Zhang, G.},
	year         = {2010},
	journal      = {Boundary-Layer Meteorology},
	volume       = {137},
	pages        = {31--47},
	doi          = {10.1007/s10546-010-9519-7}
}
@article{Coates2021Experimental,
	title        = {Experimental evaluation of two micrometeorological flux footprint models based on field measurements of a gas tracer released from a synthetic surface area source},
	author       = {Coates, T. W. and Aubinet, M. and Flesch, T. K. and Riordan, G. H.},
	year         = {2021},
	journal      = {Atmospheric Measurement Techniques},
	volume       = {14},
	pages        = {7147--7158},
	doi          = {10.5194/amt-14-7147-2021}
}
@article{deHaanRotach1998,
	title        = {A puff-particle model for operational estimates of dispersion in complex terrain},
	author       = {de Haan, P. and Rotach, M. W.},
	year         = {1998},
	journal      = {Atmospheric Environment},
	volume       = {32},
	pages        = {3721--3734},
	doi          = {10.1016/S1352-2310(98)00042-9}
}
@article{Finn1996Tracer,
	title        = {Tracer studies to evaluate transport and dispersion models over flat terrain},
	author       = {Finn, D. and Lamb, B. and Sellman, J. and Werner, A. and Claiborn, C. and Bowne, N.},
	year         = {1996},
	journal      = {Journal of Applied Meteorology},
	volume       = {35},
	pages        = {2085--2096},
	doi          = {10.1175/1520-0450(1996)035<2085:TSTETA>2.0.CO;2}
}
@article{Flesch1995,
	title        = {Backwards-time Lagrangian stochastic dispersion models and their application to estimate gaseous emissions},
	author       = {Flesch, T. K. and Wilson, J. D. and Yee, E.},
	year         = {1995},
	journal      = {Journal of Applied Meteorology},
	volume       = {34},
	pages        = {1320--1332},
	doi          = {10.1175/1520-0450(1995)034<1320:BTLSDM>2.0.CO;2}
}
@article{Flesch1996,
	title        = {The footprint and random errors of flux measurements from a relaxed eddy accumulation system},
	author       = {Flesch, T. K.},
	year         = {1996},
	journal      = {Boundary-Layer Meteorology},
	volume       = {80},
	pages        = {165--189},
	doi          = {10.1007/BF00119015}
}
@article{Gash1986,
	title        = {An analytical model of some aspects of forest evaporation},
	author       = {Gash, J. H. C.},
	year         = {1986},
	journal      = {Journal of Hydrology},
	volume       = {86},
	pages        = {83--97},
	doi          = {10.1016/0022-1694(86)90095-1}
}
@article{Giannico2018Contributions,
	title        = {Contributions of landscape heterogeneity within the footprint to CO2 flux in urban forests},
	author       = {Giannico, V. and Lafortezza, R. and John, R. and Sanesi, G. and Pesola, L. and Chen, J.},
	year         = {2018},
	journal      = {Agricultural and Forest Meteorology},
	volume       = {260-261},
	pages        = {144--153}
}
@article{Heidbach2017Experimental,
	title        = {Experimental evaluation of flux footprint models},
	author       = {Heidbach, Katja and Schmid, Hans Peter and Mauder, Matthias},
	year         = {2017},
	journal      = {Agricultural and Forest Meteorology},
	publisher    = {Elsevier B.V.},
	volume       = {246},
	pages        = {142--153},
	doi          = {10.1016/j.agrformet.2017.06.008}
}
@article{HorstWeil1992,
	title        = {Footprint estimation for scalar flux measurements in the atmospheric surface layer},
	author       = {Horst, T. W. and Weil, J. C.},
	year         = {1992},
	journal      = {Boundary-Layer Meteorology},
	volume       = {59},
	pages        = {279--296},
	doi          = {10.1007/BF00119817}
}
@article{HorstWeil1994,
	title        = {How far is far enough?: The fetch requirements for micrometeorological measurement of surface fluxes},
	author       = {Horst, T. W. and Weil, J. C.},
	year         = {1994},
	journal      = {Journal of Atmospheric and Oceanic Technology},
	volume       = {11},
	pages        = {1018--1025},
	doi          = {10.1175/1520-0426(1994)011<1018:HFIFF>2.0.CO;2}
}
@article{Hsieh2000Footprint,
	title        = {An approximate analytical model for footprint estimation of scalar fluxes in thermally stratified atmospheric flows},
	author       = {Hsieh, C. I. and Katul, G. and Chi, T. W.},
	year         = {2000},
	journal      = {Advances in Water Resources},
	volume       = {23},
	pages        = {765--772},
	doi          = {10.1016/S0309-1708(99)00042-1}
}
@article{Kljun20023D,
	title        = {A 3-D backward Lagrangian footprint model for a wide range of boundary layer stratifications},
	author       = {Kljun, Natascha and Schmid, Hans Peter and Rotach, Mathias W.},
	year         = {2002},
	journal      = {Boundary-Layer Meteorology},
	volume       = {103},
	pages        = {205--226},
	doi          = {10.1023/A:1014556300021}
}
@article{Kljun2002LSmodel,
	title        = {A 3-D backward Lagrangian footprint model for a wide range of boundary layer stratifications},
	author       = {Kljun, N. and Schmid, H. P. and Rotach, M. W.},
	year         = {2002},
	journal      = {Boundary-Layer Meteorology},
	volume       = {103},
	pages        = {205--226},
	doi          = {10.1023/A:1014556300021}
}
@article{Kljun2003Comparison,
	title        = {Comparison of the Langrangian Footprint Model LPDM-B with an Analytical Footprint Model},
	author       = {Kljun, N. and de Haan, P. and Chan, S. T. K. and Rotach, M. W.},
	year         = {2003},
	journal      = {Boundary-Layer Meteorology},
	volume       = {106},
	pages        = {353--357},
	doi          = {10.1023/A:1021141223386}
}
@article{Kljun2003Validation,
	title        = {Validation of a simple footprint model for use in complex terrain},
	author       = {Kljun, N. and Rotach, M. W. and Schmid, H. P.},
	year         = {2003},
	journal      = {Boundary-Layer Meteorology},
	volume       = {106},
	pages        = {349--355},
	doi          = {10.1023/A:1020151907539}
}
@article{Kljun2004Simple,
	title        = {A Simple Parameterisation for Flux Footprint Predictions},
	author       = {Kljun, N. and Calanca, P. and Rotach, M. W. and Schmid, H. P.},
	year         = {2004},
	journal      = {Boundary-Layer Meteorology},
	volume       = {112},
	pages        = {503--522},
	doi          = {10.1023/B:BOUN.0000030653.71031.96}
}
@article{Kljun2015SimpleGMD,
	title        = {A simple two-dimensional parameterisation for Flux Footprint Prediction (FFP)},
	author       = {Kljun, N. and Calanca, P. and Rotach, M. W. and Schmid, H. P.},
	year         = {2015},
	journal      = {Geoscientific Model Development},
	volume       = {8},
	pages        = {3695--3713},
	doi          = {10.5194/gmd-8-3695-2015}
}
@article{Kormann2001Analytical,
	title        = {An analytical footprint model for non-neutral stratification},
	author       = {Kormann, R. and Meixner, R.},
	year         = {2001},
	journal      = {Boundary-Layer Meteorology},
	volume       = {99},
	pages        = {207--224},
	issue        = {2}
}
@article{Kumar2010Analytical,
	title        = {An analytical model for dispersion of pollutants boundary layer from a continuous source in the atmospheric},
	author       = {Kumar, Pramod and Sharan, Maithili},
	year         = {2010},
	journal      = {Proc. R. Soc. A},
	volume       = {466},
	pages        = {383--406},
	doi          = {10.1098/rspa.2009.0394},
	issue        = {2114}
}
@article{Kurbanmuradov2000,
	title        = {Lagrangian stochastic models for turbulent dispersion in the atmospheric boundary layer},
	author       = {Kurbanmuradov, O. A. and Sabelfeld, K. K.},
	year         = {2000},
	journal      = {Boundary-Layer Meteorology},
	volume       = {97},
	pages        = {191--218},
	doi          = {10.1023/A:1002772428055}
}
@article{Leclerc1997LES,
	title        = {Footprint prediction of scalar fluxes using a large-eddy simulation model and a modified Lagrangian dispersion model},
	author       = {Leclerc, M. Y. and Shen, S.},
	year         = {1997},
	journal      = {Journal of Geophysical Research: Atmospheres},
	volume       = {102},
	number       = {D22},
	pages        = {933--942},
	doi          = {10.1029/97JD00211}
}
@inproceedings{Nassar2020Eddy,
	title        = {To what extend does the Eddy Covariance footprint cutoff influence the estimation of surface energy fluxes using two source energy balance model and high-resolution imagery in commercial vineyards?},
	author       = {Nassar, Ayman and Nieto, Hector and Torres-Rua, Alfonso and McKee, Mac and others},
	year         = {2020},
	booktitle    = {Proceedings of SPIE - The International Society for Optical Engineering}
}
@article{pasquill1972some,
	title        = {Some aspects of boundary layer description},
	author       = {Pasquill, F},
	year         = {1972},
	journal      = {Quarterly Journal of the Royal Meteorological Society},
	publisher    = {Wiley Online Library},
	volume       = {98},
	number       = {417},
	pages        = {469--494}
}
@article{Rannik2000Forest,
	title        = {Flux footprint modeling for measurements over a heterogeneous forest},
	author       = {Rannik, Ãœ. and Grelle, A. and Klemedtsson, L. and Vesala, T.},
	year         = {2000},
	journal      = {Boundary-Layer Meteorology},
	volume       = {97},
	pages        = {137--166},
	doi          = {10.1023/A:1002702810929}
}
@article{Rannik2003Forest,
	title        = {Footprint analysis for measurements over a heterogeneous forest},
	author       = {Rannik, Ãœ. and Aubinet, M. and Kurbanmuradov, O. and Sabelfeld, K. and Markkanen, T. and Vesala, T.},
	year         = {2003},
	journal      = {Boundary-Layer Meteorology},
	volume       = {109},
	pages        = {163--189},
	doi          = {10.1023/A:1024028430847}
}
@incollection{Rannik2012Footprint,
	title        = {Footprint Analysis},
	author       = {Rannik, {\"U}llar and Sogachev, Andrey and Foken, Thomas and G{\"o}ckede, Mathias and Kljun, Natascha and Leclerc, Monique Y. and Vesala, Timo},
	year         = {2012},
	booktitle    = {Trace Gas Biogeochemistry and the Cryosphere},
	publisher    = {Springer},
	doi          = {10.1007/978-94-007-2351-1_8},
	editor       = {Christensen, Torben R. and Convey, Roberta and Vincent, Warwick F. and Dr{\"u}e, Markus and G{\"o}ckede, Mathias and Wille, Christian and Kutzbach, Lars}
}
@article{Rotach1996LPDM,
	title        = {LPDM-B: A Lagrangian particle dispersion model for estimating source-receptor relationships in complex terrain},
	author       = {Rotach, M. W. and Calanca, P. and Graziani, G.},
	year         = {1996},
	journal      = {Atmospheric Environment},
	volume       = {30},
	pages        = {3629--3643},
	doi          = {10.1016/1352-2310(96)00029-5}
}
@article{Schmid1994Footprint,
	title        = {Source areas for scalars and scalar fluxes},
	author       = {Schmid, H. P.},
	year         = {1994},
	journal      = {Boundary-Layer Meteorology},
	volume       = {67},
	pages        = {293--318},
	doi          = {10.1007/BF00713146}
}
@article{Schmid1997Footprint,
	title        = {Experimental design for flux measurements: matching scales of observations and fluxes},
	author       = {Schmid, H. P.},
	year         = {1997},
	journal      = {Agricultural and Forest Meteorology},
	volume       = {87},
	pages        = {179--200},
	doi          = {10.1016/S0168-1923(97)00011-7}
}
@article{Schuepp1990Footprint,
	title        = {Footprint prediction of scalar fluxes from analytical solutions of the diffusion equation},
	author       = {Schuepp, P. H. and Leclerc, M. Y. and MacPherson, J. I. and Desjardins, R. L.},
	year         = {1990},
	journal      = {Boundary-Layer Meteorology},
	volume       = {50},
	pages        = {355--373},
	doi          = {10.1007/BF00120530}
}
@article{Sogachev2005a,
	title        = {Using a one-and-a-half-order closure model of the planetary boundary layer for surface flux footprint estimation},
	author       = {Sogachev, Andrey and Lloyd, J.},
	year         = {2005},
	journal      = {Boundary-Layer Meteorology},
	volume       = {117},
	pages        = {467--492},
	doi          = {10.1007/s10546-005-1754-2}
}
@article{Sogachev2006,
	title        = {Footprint modelling for measurements over heterogeneous landscapes},
	author       = {Sogachev, Andrey and Sedletski, S.},
	year         = {2006},
	journal      = {Theoretical and Applied Climatology},
	volume       = {85},
	pages        = {185--193},
	doi          = {10.1007/s00704-005-0199-0}
}
@article{SogachevEtAl2005a,
	title        = {Footprint analysis for measurements over boreal forests},
	author       = {Sogachev, A. and Kelly, M. and Nilsson, M.},
	year         = {2005},
	journal      = {Tellus B: Chemical and Physical Meteorology},
	volume       = {57},
	number       = {5},
	pages        = {426--437},
	doi          = {10.1111/j.1600-0889.2005.00112.x}
}
@article{Steinfeld2008LES,
	title        = {Spatial representativeness of single tower measurements and the imbalance problem with eddy-covariance fluxes: Results of a large-eddy simulation study},
	author       = {Steinfeld, G. and Letzel, M. O. and Raasch, S. and Kanda, M. and Inagaki, A.},
	year         = {2008},
	journal      = {Boundary-Layer Meteorology},
	volume       = {129},
	pages        = {117--136},
	doi          = {10.1007/s10546-008-9292-8}
}
@article{Su2006Analytical,
	title        = {An Analytical Model for Flux Footprints in the Convective Boundary Layer},
	author       = {Su, H. B. and Arya, S. P.},
	year         = {2006},
	journal      = {Journal of Atmospheric and Oceanic Technology},
	volume       = {23},
	pages        = {1589--1600},
	doi          = {10.1175/JTECH1911.1},
	issue        = {11}
}
@article{van1978simple,
	title        = {Simple estimates for vertical diffusion from sources near the ground},
	author       = {Van Ulden, AP},
	year         = {1978},
	journal      = {Atmospheric Environment (1967)},
	publisher    = {Elsevier},
	volume       = {12},
	number       = {11},
	pages        = {2125--2129}
}
@article{Wang2008Analytical,
	title        = {An analytical footprint model for flux measurements in the convective boundary layer},
	author       = {Wang, J. M. and Davis, P. A.},
	year         = {2008},
	journal      = {Boundary-Layer Meteorology},
	volume       = {126},
	pages        = {213--233},
	doi          = {10.1007/s10546-007-9230-0}
}
@article{Wilson2015Computing,
	title        = {Computing the Flux Footprint},
	author       = {Wilson, J. D.},
	year         = {2015},
	journal      = {Boundary-Layer Meteorology},
	volume       = {157},
	pages        = {1--15},
	doi          = {10.1007/s10546-015-0017-9}
}
