@article{dauphin2017language,
  title={Language modeling with gated convolutional networks},
  author={Dauphin, Yann N and Fan, Angela and Auli, Michael and Grangier, David},
  journal={International conference on machine learning},
  pages={933--941},
  year={2017},
  organization={PMLR}
}

@article{ramachandran2017searching,
  title={Searching for activation functions},
  author={Ramachandran, Prajit and Zoph, Barret and Le, Quoc V},
  journal={arXiv preprint arXiv:1710.05941},
  year={2017}
}

@article{hendrycks2016gaussian,
  title={Gaussian error linear units (gelus)},
  author={Hendrycks, Dan and Gimpel, Kevin},
  journal={arXiv preprint arXiv:1606.08415},
  year={2016}
}

@article{shazeer2020glu,
  title={GLU variants improve transformer},
  author={Shazeer, Noam},
  journal={arXiv preprint arXiv:2002.05202},
  year={2020}
}

@inproceedings{he2015delving,
  title={Delving deep into rectifiers: Surpassing human-level performance on imagenet classification},
  author={He, Kaiming and Zhang, Xiangyu and Ren, Shaoqing and Sun, Jian},
  booktitle={Proceedings of the IEEE international conference on computer vision},
  pages={1026--1034},
  year={2015}
}

@article{clevert2015fast,
  title={Fast and accurate deep network learning by exponential linear units (elus)},
  author={Clevert, Djork-Arn{\'e} and Unterthiner, Thomas and Hochreiter, Sepp},
  journal={arXiv preprint arXiv:1511.07289},
  year={2015}
} 