@article{gao2022hgnn,
  title={HGNN $\^{}+ $: General Hypergraph Neural Networks},
  author={Gao, Yue and Feng, Yifan and Ji, Shuyi and Ji, Rongrong},
  journal={IEEE Transactions on Pattern Analysis and Machine Intelligence},
  year={2022},
  publisher={IEEE}
}

